@article{fayyad:1996,
author = {M. Fayyad, Usama and Piatetsky-Shapiro, Gregory and Smyth, Padhraic},
year = {1996},
month = {03},
pages = {37-54},
title = {From Data Mining to Knowledge Discovery in Databases},
volume = {17},
journal = {AI Magazine},
doi = {10.1609/aimag.v17i3.1230}
}

@article{breiman:2001,
  title={Random forests},
  author={Breiman, Leo},
  journal={Machine learning},
  volume={45},
  number={1},
  pages={5--32},
  year={2001},
  publisher={Springer}
}

@book{Geron:2017,
  title = {Hands-On Machine Learning with Scikit-learn & TensorFlow},
  subtitle = {Concepts, tools, and techniques to build Intelligent Systems},
  author = {Aur√©lien Geron},
  year = {2017}, 
  publisher = {O'Reilly}
}

@article{Quinlan:1986,
 author = {Quinlan, J. R.},
 title = {Induction of Decision Trees},
 journal = {Mach. Learn.},
 volume = {1},
 number = {1},
 month = mar,
 year = {1986},
 issn = {0885-6125},
 pages = {81--106},
 numpages = {26},
 url = {http://dx.doi.org/10.1023/A:1022643204877},
 doi = {10.1023/A:1022643204877},
 acmid = {637969},
 publisher = {Kluwer Academic Publishers},
 address = {Hingham, MA, USA},
 keywords = {classification, decision trees, expert systems, induction, information theory, knowledge acquisition},
} 

@article{Freund:1997,
  title={A decision-theoretic generalization of on-line learning and an application to boosting},
  author={Freund, Yoav and Schapire, Robert E},
  journal={Journal of computer and system sciences},
  volume={55},
  number={1},
  pages={119--139},
  year={1997},
  publisher={Elsevier}
}